<record><leader>00000cas a22000007a 4500</leader><controlfield tag="001">17935766</controlfield><controlfield tag="008">880511d187418uuohudn ne      0    0eng d</controlfield><datafield ind1=" " ind2=" " tag="010"><subfield code="a">sn 88078554 </subfield></datafield><datafield ind1=" " ind2=" " tag="040"><subfield code="a">ONP</subfield><subfield code="b">eng</subfield><subfield code="c">ONP</subfield><subfield code="d">OCLCQ</subfield></datafield><datafield ind1=" " ind2=" " tag="042"><subfield code="a">msc</subfield></datafield><datafield ind1="0" ind2=" " tag="130"><subfield code="a">Mansfield flag (Mansfield, Ohio : Daily)</subfield></datafield><datafield ind1="1" ind2="4" tag="245"><subfield code="a">The Mansfield flag.</subfield></datafield><datafield ind1="3" ind2="0" tag="246"><subfield code="a">Mansfield daily flag</subfield></datafield><datafield ind1=" " ind2=" " tag="260"><subfield code="a">Mansfield, Ohio :</subfield><subfield code="b">Robert Lockhart, R.J. Lockhart,</subfield><subfield code="c">1874-</subfield></datafield><datafield ind1=" " ind2=" " tag="310"><subfield code="a">Daily (except Sun.)</subfield></datafield><datafield ind1="0" ind2=" " tag="362"><subfield code="a">Vol. 5, no. 26 (Dec. 31, 1874)-</subfield></datafield><datafield ind1=" " ind2=" " tag="752"><subfield code="a">United States</subfield><subfield code="b">Ohio</subfield><subfield code="c">Richland</subfield><subfield code="d">Mansfield.</subfield></datafield><datafield ind1="0" ind2=" " tag="775"><subfield code="t">Mansfield flag (Mansfield, Ohio : Weekly)</subfield></datafield></record>